<?xml version="1.0" encoding="UTF-8"?><collection xmlns="http://www.loc.gov/MARC21/slim"><record><leader>00535nam--2200193-u-4500</leader><controlfield tag="001">000056727</controlfield><controlfield tag="002">20170201</controlfield><controlfield tag="005">20170201152341</controlfield><controlfield tag="008">170201s1000------------r-----000-0-eng-d</controlfield><datafield ind1=" " ind2=" " tag="040"><subfield code="a">IFIN-HH</subfield></datafield><datafield ind1="0" ind2=" " tag="041"><subfield code="a">eng</subfield></datafield><datafield ind1=" " ind2=" " tag="080"><subfield code="a">61</subfield></datafield><datafield ind1="1" ind2=" " tag="100"><subfield code="a">Danaila, Leon</subfield></datafield><datafield ind1="1" ind2="0" tag="245"><subfield code="a">Normal and Pathological Venous System of the Brain</subfield><subfield code="c">Leon Danaila</subfield></datafield><datafield ind1=" " ind2=" " tag="260"><subfield code="a">Bucuresti</subfield><subfield code="b">Editura Academiei Romane</subfield><subfield code="c">2016</subfield></datafield><datafield ind1=" " ind2=" " tag="300"><subfield code="a">931p</subfield></datafield><datafield ind1=" " ind2=" " tag="500"><subfield code="a">Donatie din partea fizician Valentin Remus Niculescu</subfield></datafield><datafield ind1=" " ind2=" " tag="852"><subfield code="a">82443</subfield><subfield code="c">61</subfield></datafield><datafield ind1=" " ind2=" " tag="CAT"><subfield code="a">SYS</subfield><subfield code="c">20170201</subfield><subfield code="h">152341</subfield></datafield></record></collection>